% ГОСТ ССЫЛОК
% https://docs.cntd.ru/document/1200161674

% Introduction to Auction Theory.pdf
@book{menezes2004introduction,
  title={An introduction to auction theory},
  author={Menezes, Flavio M and Monteiro, Paulo K},
  year={2004},
  publisher={OUP Oxford}
}

% https://ru.wikipedia.org/wiki/%D0%90%D1%83%D0%BA%D1%86%D0%B8%D0%BE%D0%BD
@book{strovskiy2017ved,
  title={Внешнеэкономическая деятельность предприятия : учебник для студентов вузов, обучающихся по экономическим специальностям},
  author="Стровский~Л.~Е.",
  year={2017},
  publisher={Москва : ЮНИТИ-ДАНА}
}

% http://www.consultant.ru/document/cons_doc_LAW_9027/c535558ed03e2352bb8f6ea6021ad0fa510524ab/
@misc{lawnominalaccount,
  title={Российская Федерация. Законы. О внесении изменений в части первую и вторую Гражданского кодекса Российской Федерации и отдельные законодательные акты Российской Федерации : Федеральный закон от 26.07.2017 N 212-ФЗ}
}

% http://www.consultant.ru/document/cons_doc_LAW_5142/cd9995a5781d75a0dbef89a99ba7e666758d09ff/
@misc{lawauction,
  title={Российская Федерация. Законы. О внесении изменений в часть первую Гражданского кодекса Российской Федерации : Федеральный закон  08.03.2015 N 42-ФЗ}
}

% https://docs.cntd.ru/document/1200068829
@misc{gost10032db,
  title={ГОСТ Р ИСО МЭК ТО 10032-2007: Эталонная модель управления данными (идентичен ISO/IEC TR 10032:2003 Information technology — Reference model of data management)}
}

@book{дейт2008введение,
  title={Введение в системы баз данных},
  author={Дейт, К Дж},
  year={2008},
  publisher={Вильямс}
}

% https://opentextbc.ca/dbdesign01/chapter/chapter-4-types-of-database-models/
@book{watt2014database,
  title={Database design},
  author={Watt, Adrienne and Eng, Nelson},
  year={2014}
}

@book{stroganov2016db,
    title={ К задаче составления запросов к базам данных на естественном языке},
    author={Бородин~Д.~С., Строганов~Ю.~В.},
    publisher={Новые информационные технологии в автоматизированных системах. 2016. №19.}
}

%https://mipt.ru/dnbic/content/db.pdf
@book{karpowa2009db,
  title={Базы данных. Учебное пособие.},
  author={Карпова~И.~П.},
  publisher={Москва : Московский государственный институт электроники и математики (Технический университет)},
  year={2009}
}

@misc{mysql,
  title={MySQL [Электронный ресурс]},
  howpublished="Режим доступа: \url{https://www.mysql.com} дата обращения: 09.05.2022"
}

@misc{docker,
  title={Overview of Docker Compose | Docker Documentation [Электронный ресурс]},
  howpublished="Режим доступа: \url{https://docs.docker.com/compose} дата обращения: 02.06.2022"
}

@misc{pgcron,
  title={citusdata/pg\_cron: Run periodic jobs in PostgreSQL [Электронный ресурс]},
  howpublished="Режим доступа: \url{https://github.com/citusdata/pg_cron} дата обращения: 02.06.2022"
}

@misc{golang,
  title={The Go Programming Language [Электронный ресурс]},
  howpublished="Режим доступа: \url{https://go.dev} дата обращения: 31.05.2022"
}

@misc{gingonic,
  title={Gin Web Framework [Электронный ресурс]},
  howpublished="Режим доступа: \url{https://gin-gonic.com} дата обращения: 31.05.2022"
}

@misc{gqlgen,
  title={gqlgen [Электронный ресурс]},
  howpublished="Режим доступа: \url{https://gqlgen.com} дата обращения: 31.05.2022"
}

@misc{gorm,
  title={GORM [Электронный ресурс]},
  howpublished="Режим доступа: \url{https://gorm.io} дата обращения: 31.05.2022"
}

@misc{graphql,
  title={GraphQL | A query language for your API [Электронный ресурс]},
  howpublished="Режим доступа: \url{https://graphql.org} дата обращения: 31.05.2022"
}

@misc{graphqlurl,
  title={hasura/graphqurl: curl for GraphQL with autocomplete, subscriptions and GraphiQL. Also a dead-simple universal javascript GraphQL client. [Электронный ресурс]},
  howpublished="Режим доступа: \url{https://github.com/hasura/graphqurl} дата обращения: 03.07.2022"
}

@misc{curl,
  title={curl [Электронный ресурс]},
  howpublished="Режим доступа: \url{https://curl.se} дата обращения: 03.07.2022"
}

@misc{artauctionstat2021,
  title={Рынок русского искусства и арт-рынок России. Итоги и основные цифры 2021 года [Электронный ресурс]},
  howpublished="Режим доступа: \url{https://artinvestment.ru/russian-art-market-reports/2021.html} дата обращения: 03.07.2022"
}

@misc{softdelete,
  title={Soft-deletion is actually pretty hard - Tree Web Solutions [Электронный ресурс]},
  howpublished="Режим доступа: \url{https://treewebsolutions.com/articles/soft-deletion-is-actually-pretty-hard-14} дата обращения: 31.05.2022"
}

@misc{oracledb,
  title={Database Services | Oracle [Электронный ресурс]},
  howpublished="Режим доступа: \url{https://www.oracle.com/database} дата обращения: 09.05.2022"
}

@misc{postgresql,
    title={PostgreSQL: The world's most advanced open source database [Электронный ресурс]},
    howpublished="Режим доступа: \url{https://www.postgresql.org} дата обращения: 09.05.2022"
}

% Examples:

@book{mc,
  author={W. E. Lorensen, H. E. Cline.},
  year={1987},
  title={Marching cubes: A highresolution 3d surface construction algorithm. In Computer Graphics (Proceedings of SIGGRAPH 87)},
}

@INPROCEEDINGS {marching_tetrahedra,
author = {M. Wehle and H. MГјller},
booktitle = {Dagstuhl '97 - Scientific Visualization Conference},
title = {Visualization of Implicit Surfaces Using Adaptive Tetrahedrizations},
year = {1997},
volume = {},
issn = {},
pages = {243},
keywords = {},
doi = {10.1109/DAGSTUHL.1997.10005},
url = {https://doi.ieeecomputersociety.org/10.1109/DAGSTUHL.1997.10005},
publisher = {IEEE Computer Society},
address = {Los Alamitos, CA, USA},
month = {jun}
}

@misc{dualcontouring,
	title="T. Ju, F. Losasso, S. Schaefer, J. Warren. Dual Contouring of Hermite Data [Электронный ресурс]",
	howpublished="Режим доступа: \url{https://www.cs.rice.edu/~jwarren/papers/dualcontour.pdf} дата обращения: 16.11.2021)"
}

@misc{dmc,
	title="S. Schaefer, J. Warren. Dual Marching Cubes: Primal Contouring of Dual Grids [Электронный ресурс]",
	howpublished="Режим доступа: \url{https://www.cs.rice.edu/~jwarren/papers/dmc.pdf} дата обращения: 16.11.2021)"
}

@misc{rojers,
    title="Д. Роджерс, Дж. Адамас. Математические основы машинной графики [Текст]. 2001."
}

@misc{qt,
    title="Qt | Cross-platform software development for embedded & desktop [Электронный ресурс]",
    howpublished="Режим доступа: \url{https://www.qt.io} дата обращения: 16.11.2021"
}

@misc{qtcreator,
    title="qt-creator/qt-creator: A cross-platform Qt IDE [Электронный ресурс]",
    howpublished="Режим доступа: \url{https://github.com/qt-creator/qt-creator} дата обращения: 16.11.2021"
}

@misc{qt4x,
    title="Index of /archive/qt/4.8/4.8.4 [Электронный ресурс]",
    howpublished="Режим доступа: \url{https://download.qt.io/archive/qt/4.8/4.8.4/} дата обращения: 16.11.2021"
}

@misc{file_oqvis,
    title="The OpenQVis Project at sourceforge.net [Электронный ресурс]",
    howpublished="Режим доступа: \url{http://openqvis.sourceforge.net/docu/fileformat.html} дата обращения: 16.11.2021"
}

@misc{file_stl,
    title="The StL Format | fabbers.com [Электронный ресурс]",
    howpublished="Режим доступа: \url{http://www.fabbers.com/tech/STL_Format} дата обращения: 16.11.2021"
}

@misc{libeigen,
    title="Eigen [Электронный ресурс]",
    howpublished="Режим доступа: \url{http://eigen.tuxfamily.org} дата обращения: 16.11.2021"
}

@misc{libfmt,
    title="Overview — fmt 8.0.1 documentation [Электронный ресурс]",
    howpublished="Режим доступа: \url{https://fmt.dev} дата обращения: 16.11.2021"
}

@misc{openmp,
    title="Home - OpenMP [Электронный ресурс]",
    howpublished="Режим доступа: \url{https://www.openmp.org/} дата обращения: 16.11.2021"
}